@article{Gomez-Cadenas:2015twa,
    author = "G\'omez-Cadenas, J. J. and Mart\'\i{}n-Albo, Justo",
    title = "{Phenomenology of neutrinoless double beta decay}",
    eprint = "1502.00581",
    archivePrefix = "arXiv",
    primaryClass = "hep-ex",
    doi = "10.22323/1.229.0004",
    journal = "PoS",
    volume = "GSSI14",
    pages = "004",
    year = "2015"
}